@misc{summerville2017procedural,
    title={Procedural Content Generation via Machine Learning (PCGML)},
    author={Adam Summerville and Sam Snodgrass and Matthew Guzdial and Christoffer Holmg√•rd and Amy K. Hoover and Aaron Isaksen and Andy Nealen and Julian Togelius},
    year={2017},
    eprint={1702.00539},
    archivePrefix={arXiv},
    primaryClass={cs.AI}
}